<?xml version="1.0" encoding="UTF-8"?><collection xmlns="http://www.loc.gov/MARC21/slim"><record><leader>00393nam--2200169-u-4500</leader><controlfield tag="001">000050831</controlfield><controlfield tag="002">20161230</controlfield><controlfield tag="005">20161230201048</controlfield><controlfield tag="008">080411s1000------------r-----000-0-eng-d</controlfield><datafield ind1=" " ind2=" " tag="040"><subfield code="a">IFIN-HH</subfield></datafield><datafield ind1=" " ind2=" " tag="080"><subfield code="a">51</subfield></datafield><datafield ind1="1" ind2=" " tag="100"><subfield code="a">Mitropolskii,Yu.A</subfield></datafield><datafield ind1="1" ind2="0" tag="245"><subfield code="a">Matematicheskii Sbornik</subfield></datafield><datafield ind1=" " ind2=" " tag="260"><subfield code="a">Kiev</subfield><subfield code="b">Izd."Naukova Dumka"</subfield><subfield code="c">1976</subfield></datafield><datafield ind1=" " ind2=" " tag="300"><subfield code="a">295 p</subfield></datafield><datafield ind1=" " ind2=" " tag="852"><subfield code="c">51</subfield></datafield><datafield ind1=" " ind2=" " tag="CAT"><subfield code="a">Sys</subfield><subfield code="c">20080411</subfield><subfield code="h">092412</subfield></datafield></record></collection>